@ARTICLE{kessler,
  author={Kessler, R. E.},
  journal={Micro, IEEE},
  title={The Alpha 21264 microprocessor},
  year={1999},
  month={Mar},
  volume={19},
  number={2},
  pages={24-36},
  keywords={microprocessor chips;Alpha 21264 microprocessor;computational performance;data mining;high performance standard;medical imaging;real-time visual computing;Clocks;Data mining;High performance computing;Image databases;Microarchitecture;Microprocessors;Out of order;Robustness;Spatial databases;Visual databases},
  doi={10.1109/40.755465},
  ISSN={0272-1732},}
